@book{sutton1998reinforcement,
  title={Reinforcement learning: An introduction},
  author={Sutton, Richard S and Barto, Andrew G},
  volume={1},
  number={1},
  year={1998},
  publisher={MIT press Cambridge}
}
@article{tsitsiklis1997analysis,
  title={An analysis of temporal-difference learning with function approximation},
  author={Tsitsiklis, John N and Van Roy, Benjamin},
  journal={IEEE transactions on automatic control},
  volume={42},
  number={5},
  pages={674--690},
  year={1997},
  publisher={IEEE}
}
@article{ernst2005tree,
  title={Tree-based batch mode reinforcement learning},
  author={Ernst, Damien and Geurts, Pierre and Wehenkel, Louis},
  journal={Journal of Machine Learning Research},
  volume={6},
  number={Apr},
  pages={503--556},
  year={2005}
}
